@ARTICLE{Alipour,
   author = {{Alipour}, N. and {Safari}, H.},
    title = "{Statistical Properties of Solar Coronal Bright Points}",
  journal = {\apj},
 keywords = {Sun: activity, Sun: corona, Sun: flares, Sun: magnetic fields, sunspots},
     year = 2015,
    month = jul,
   volume = 807,
      eid = {175},
    pages = {175},
      doi = {10.1088/0004-637X/807/2/175},
   adsurl = {http://cdsads.u-strasbg.fr/abs/2015ApJ...807..175A},
  adsnote = {Provided by the SAO/NASA Astrophysics Data System}
}

@ARTICLE{Howard,
   author = {{Howard}, R. and {Stenflo}, J.~O.},
    title = "{On the Filamentary Nature of Solar Magnetic Fields}",
  journal = {\solphys},
     year = 1972,
    month = feb,
   volume = 22,
    pages = {402-417},
      doi = {10.1007/BF00148705},
   adsurl = {http://cdsads.u-strasbg.fr/abs/1972SoPh...22..402H},
  adsnote = {Provided by the SAO/NASA Astrophysics Data System}
}

@ARTICLE{Lemen,
author = {{Lemen}, J.~R. and {Title}, A.~M. and {Akin}, D.~J. and {Boerner}, P.~F. and {Chou}, C. and {Drake}, J.~F. and {Duncan}, D.~W. and {Edwards}, C.~G. and {Friedlaender}, F.~M. and {Heyman}, G.~F. and {Hurlburt}, N.~E. and {Katz}, N.~L. and {Kushner}, G.~D. and {Levay}, M. and {Lindgren}, R.~W. and {Mathur}, D.~P. and {McFeaters}, E.~L. and {Mitchell}, S. and {Rehse}, R.~A. and {Schrijver}, C.~J. and {Springer}, L.~A. and {Stern}, R.~A. and {Tarbell}, T.~D. and {Wuelser}, J.-P. and {Wolfson}, C.~J. and {Yanari}, C. and {Bookbinder}, J.~A. and {Cheimets}, P.~N. and {Caldwell}, D.  and {Deluca}, E.~E. and {Gates}, R. and {Golub}, L. and {Park}, S. and {Podgorski}, W.~A.  and {Bush}, R.~I. and {Scherrer}, P.~H. and {Gummin}, M.~A. and {Smith}, P. and {Auker}, G. and {Jerram}, P. and {Pool}, P. and {Soufli}, R. and {Windt}, D.~L. and {Beardsley}, S. and {Clapp}, M. and {Lang}, J. and {Waltham}, N.},
   title = "{The Atmospheric Imaging Assembly (AIA) on the Solar Dynamics Observatory (SDO)}",
   journal = {\solphys},
   keywords = {Solar corona, Solar instrumentation, Solar imaging, Extreme ultraviolet},
   year = 2012,
   month = jan,
   volume = 275,
   pages = {17-40},
   doi = {10.1007/s11207-011-9776-8},
   adsurl = {http://cdsads.u-strasbg.fr/abs/2012SoPh..275...17L},
   adsnote = {Provided by the SAO/NASA Astrophysics Data System}
}

@ARTICLE{McIntosh,
   author = {{McIntosh}, S.~W. and {de Pontieu}, B. and {Tomczyk}, S.},
    title = "{A Coherence-Based Approach for Tracking Waves in the Solar Corona}",
  journal = {\solphys},
archivePrefix = "arXiv",
   eprint = {0808.2978},
 keywords = {Coronal seismology, Oscillations, Solar, Waves, Waves, Magnetohydrodynamic},
     year = 2008,
    month = nov,
   volume = 252,
    pages = {321-348},
      doi = {10.1007/s11207-008-9257-x},
   adsurl = {http://adsabs.harvard.edu/abs/2008SoPh..252..321M},
  adsnote = {Provided by the SAO/NASA Astrophysics Data System}
}

@ARTICLE{Riethmuller,
   author = {{Riethm{\"u}ller}, T.~L. and {Solanki}, S.~K. and {Berdyugina}, S.~V. and
    {Sch{\"u}ssler}, M. and {Mart{\'{\i}}nez Pillet}, V. and {Feller}, A. and
    {Gandorfer}, A. and {Hirzberger}, J.},
    title = "{Comparison of solar photospheric bright points between Sunrise observations and MHD simulations}",
  journal = {\aap},
archivePrefix = "arXiv",
   eprint = {1406.1387},
 primaryClass = "astro-ph.SR",
 keywords = {Sun: magnetic fields, Sun: photosphere, Sun: UV radiation, techniques: polarimetric, techniques: spectroscopic},
     year = 2014,
    month = aug,
   volume = 568,
      eid = {A13},
    pages = {A13},
      doi = {10.1051/0004-6361/201423892},
   adsurl = {http://cdsads.u-strasbg.fr/abs/2014A%26A...568A..13R},
  adsnote = {Provided by the SAO/NASA Astrophysics Data System}
}

@ARTICLE{Priest,
   author = {{Priest}, E.~R. and {Parnell}, C.~E. and {Martin}, S.~F.},
    title = "{A converging flux model of an X-ray bright point and an associated canceling magnetic feature}",
  journal = {\apj},
 keywords = {Astronomical Models, Gamma Rays, Magnetic Field Reconnection, Magnetohydrodynamic Waves, Solar Corona, Solar Wind, X Rays, Magnetic Fields, Magnetic Signatures, Skylab Program, Solar Granulation, Solar Maximum Mission, Solar Observatories},
     year = 1994,
    month = may,
   volume = 427,
    pages = {459-474},
      doi = {10.1086/174157},
   adsurl = {http://cdsads.u-strasbg.fr/abs/1994ApJ...427..459P},
  adsnote = {Provided by the SAO/NASA Astrophysics Data System}
}

@ARTICLE{Srivastava,
   author = {{Srivastava}, A.~K. and {Dwivedi}, B.~N.},
   title = "{Observations from Hinode/EIS of intensity oscillations above a bright point: signature of the leakage of acoustic oscillations in the inner corona}",
   journal = {\mnras},
   keywords = {MHD, waves, Sun: chromosphere, Sun: corona, Sun: oscillations, Sun: UV radiation},
   year = 2010,
   month = jul,
   volume = 405,
   pages = {2317-2326},
   doi = {10.1111/j.1365-2966.2010.16651.x},
   adsurl = {http://cdsads.u-strasbg.fr/abs/2010MNRAS.405.2317S},
   adsnote = {Provided by the SAO/NASA Astrophysics Data System}
}

@ARTICLE{Zhang,
   author = {{Zhang}, Q.~M. and {Chen}, P.~F. and {Guo}, Y. and {Fang}, C. and
    {Ding}, M.~D.},
    title = "{Two Types of Magnetic Reconnection in Coronal Bright Points and the Corresponding Magnetic Configuration}",
  journal = {\apj},
 keywords = {Sun: activity, Sun: corona, Sun: magnetic topology, Sun: oscillations},
     year = 2012,
    month = feb,
   volume = 746,
      eid = {19},
    pages = {19},
      doi = {10.1088/0004-637X/746/1/19},
   adsurl = {http://cdsads.u-strasbg.fr/abs/2012ApJ...746...19Z},
  adsnote = {Provided by the SAO/NASA Astrophysics Data System}
}
